
@article{arrow1987demand,
  title={The demand for information and the distribution of income},
  author={Arrow, Kenneth J},
  journal={Probability in the Engineering and Informational Sciences},
  volume={1},
  number={01},
  pages={3--13},
  year={1987},
  publisher={Cambridge Univ Press}
}

@article{haddad2012concentrated,
  title={Concentrated Ownership and Equilibrium Asset Prices},
  author={Haddad, Valentin},
  year={2012},
  publisher={Working Paper}
}

@article{kaplan1958nonparametric,
  title={Nonparametric estimation from incomplete observations},
  author={Kaplan, Edward L and Meier, Paul},
  journal={Journal of the American statistical association},
  volume={53},
  number={282},
  pages={457--481},
  year={1958},
  publisher={Taylor \& Francis}
}

@article{guvenen2014nature,
  title={The nature of countercyclical income risk},
  author={Guvenen, Fatih and Ozkan, Serdar and Song, Jae},
  journal={Journal of Political Economy},
  volume={122},
  number={3},
  pages={621--660},
  year={2014},
  publisher={University of Chicago Press Chicago, IL}
}
@article{hansen2009long,
  title={Long-Term Risk: An Operator Approach},
  author={Hansen, Lars Peter and Scheinkman, Jos{\'e} A},
  journal={Econometrica},
  volume={77},
  number={1},
  pages={177--234},
  year={2009},
  publisher={Wiley Online Library}
}

@book{strauss1992partial,
  title={Partial differential equations},
  author={Strauss, Walter A},
  volume={92},
  year={1992},
  publisher={Wiley New York}
}


@article{eisfeldt2016financial,
  title={Financial Expertise and Asset Prices},
  author={Eisfeldt, Andrea L and Lustig, Hanno and Zhang, Lei},
  year={2016}
}

@article{eisfeldt2016risk,
  title={Risk and Return in Segmented Markets with Expertise},
  author={Eisfeldt, Andrea L and Lustig, Hanno N and Zhang, Lei},
  year={2016}
}


@article{steinbrecher2008quantile,
  title={Quantile mechanics},
  author={Steinbrecher, Gy{\"o}rgy and Shaw, William T},
  journal={European journal of applied mathematics},
  volume={19},
  number={02},
  pages={87--112},
  year={2008},
  publisher={Cambridge Univ Press}
}

@article{welch2008comprehensive,
  title={A Comprehensive Look at the Empirical Performance of Equity Premium Prediction},
  author={Welch, Ivo and Goyal, Amit},
  journal={Review of Financial Studies},
  volume={21},
  number={4},
  pages={1455--1508},
  year={2008},
  publisher={Soc Financial Studies}
}
@article{kennickell2009getting,
  title={Getting to the Top: Reaching Wealthy Respondents in the SCF},
  author={Kennickell, Arthur},
  note={Working Paper},
  year={2009}
}

@article{kelley1998convergence,
  title={Convergence analysis of pseudo-transient continuation},
  author={Kelley, Carl Timothy and Keyes, David E},
  journal={SIAM Journal on Numerical Analysis},
  volume={35},
  number={2},
  pages={508--523},
  year={1998},
  publisher={SIAM}
}

@article{summers2014inequality,
  title={The Inequality Puzzle [Review of the book \textit{Capital in the 21rst Century}, by Thomas Piketty]},
  author={Summers, Larry},
  year={2014},
  journal={Democracy}
}

@article{kaplan2013family,
  title={Family, education, and sources of wealth among the richest Americans, 1982--2012},
  author={Kaplan, Steven N and Rauh, Joshua D},
  journal={The American Economic Review},
  volume={103},
  number={3},
  pages={158--162},
  year={2013},
  publisher={American Economic Association}
}


@article{campbell2000asset,
  title={Asset pricing at the millennium},
  author={Campbell, John Y},
  journal={The Journal of Finance},
  volume={55},
  number={4},
  pages={1515--1567},
  year={2000},
}


@article{Karabarbounis01022014,
author = {Karabarbounis, Loukas and Neiman, Brent}, 
title = {The Global Decline of the Labor Share},
volume = {129}, 
number = {1}, 
pages = {61-103}, 
year = {2014}, 
doi = {10.1093/qje/qjt032}, 
abstract ={The stability of the labor share of income is a key foundation in macroeconomic models. We document, however, that the global labor share has significantly declined since the early 1980s, with the decline occurring within the large majority of countries and industries. We show that the decrease in the relative price of investment goods, often attributed to advances in information technology and the computer age, induced firms to shift away from labor and toward capital. The lower price of investment goods explains roughly half of the observed decline in the labor share, even when we allow for other mechanisms influencing factor shares, such as increasing profits, capital-augmenting technology growth, and the changing skill composition of the labor force. We highlight the implications of this explanation for welfare and macroeconomic dynamics. JEL Codes: E21, E22, E25.}, 
URL = {http://qje.oxfordjournals.org/content/129/1/61.abstract}, 
eprint = {http://qje.oxfordjournals.org/content/129/1/61.full.pdf+html}, 
journal = {The Quarterly Journal of Economics} 
}


@article{cochrane2011discount,
author = {Cochrane, John H},
title = {Discount Rates},
journal = {The Journal of Finance},
volume = {66},
number = {4},
pages = {1047--1108},
year = {2011},
}

@article{fama1993common,
  title={Common risk factors in the returns on stocks and bonds},
  author={Fama, Eugene F and French, Kenneth R},
  journal={Journal of financial economics},
  volume={33},
  number={1},
  pages={3--56},
  year={1993},
  publisher={Elsevier}
}
@article{cochrane2011presidential,
  title={Presidential address: Discount rates},
  author={Cochrane, John H},
  journal={Journal of Finance},
  volume={66},
  number={4},
  pages={1047--1108},
  year={2011},
  publisher={Wiley Online Library}
}


@article{silva2015risk,
  title={The Risk Channel of Unconventional Monetary Policy},
  author={Silva, Dejanir H},
  note={Working Paper},
  year={2015}
}

@article{ditellabalance,
  title={Uncertainty Shocks and Balance Sheet Recessions},
  author={{Di Tella}, Sebastian},
  journal={Journal of Political Economy},
  year={2016},
  note ={Forthcoming}
}

@article{gabaix2015dynamics,
  title={The Dynamics of Inequality},
  author={Gabaix, Xavier and Lasry, Jean-Michel and Lions, Pierre-Louis and Moll, Benjamin},
  journal={Econometrica},
  year = {2016},
  note = {Forthcoming}
}



@article{kiyotaki1997,
 ISSN = {00223808, 1537534X},
 URL = {http://www.jstor.org/stable/10.1086/262072},
 abstract = {We construct a model of a dynamic economy in which lenders cannot force borrowers to repay their debts unless the debts are secured. In such an economy, durable assets play a dual role: not only are they factors of production, but they also serve as collateral for loans. The dynamic interaction between credit limits and asset prices turns out to be a powerful transmission mechanism by which the effects of shocks persist, amplify, and spill over to other sectors. We show that small, temporary shocks to technology or income distribution can generate large, persistent fluctuations in output and asset prices.},
 author = {Nobuhiro Kiyotaki and Moore, John},
 journal = {Journal of Political Economy},
 number = {2},
 pages = {211-248},
 publisher = {University of Chicago Press},
 title = {Credit Cycles},
 volume = {105},
 year = {1997}
}




@article{Piketty01082014,
author = {Piketty, Thomas and Zucman, Gabriel}, 
title = {Capital is Back: Wealth-Income Ratios in Rich Countries 1700–2010},
volume = {129}, 
number = {3}, 
pages = {1255-1310}, 
year = {2014}, 
doi = {10.1093/qje/qju018}, 
abstract ={How do aggregate wealth-to-income ratios evolve in the long run and why? We address this question using 1970–2010 national balance sheets recently compiled in the top eight developed economies. For the United States, United Kingdom, Germany, and France, we are able to extend our analysis as far back as 1700. We find in every country a gradual rise` of wealth-income ratios in recent decades, from about 200–300% in 1970 to 400–600% in 2010. In effect, today’s ratios appear to be returning to the high values observed in Europe in the eighteenth and nineteenth centuries (600–700%). This can be explained by a long-run asset price recovery (itself driven by changes in capital policies since the world wars) and by the slowdown of productivity and population growth, in line with the β=sg Harrod-Domar-Solow formula. That is, for a given net saving rate s = 10%, the long-run wealth-income ratio β is about 300% if g = 3% and 600% if g = 1.5%. Our results have implications for capital taxation and regulation and shed new light on the changing nature of wealth, the shape of the production function, and the rise of capital shares. JEL Codes: E10, E20, D30, D31, D33.}, 
URL = {http://qje.oxfordjournals.org/content/129/3/1255.abstract}, 
eprint = {http://qje.oxfordjournals.org/content/129/3/1255.full.pdf+html}, 
journal = {The Quarterly Journal of Economics} 
}


@article{piketty2015wealth,
author = {Piketty, Thomas and Zucman, Gabriel}, 
title = {Wealth and Inheritance in the Long Run},
journal={Handbook of Income Distribution},
volume={2},
pages={1303-1368},
year={2015}
  title={Wealth and inheritance in the long run},
  author={Piketty, Thomas and Zucman, Gabriel},
  year={2014},
  publisher={CEPR Discussion Paper No. DP10072}
}


@article{atkinson2006concentration,
author={Atkinson, Anthony},
  title={Concentration among the Rich},
  journal={ Personal Wealth from a Global Perspective},
  pages={64-90},
  year={2008},
  publisher={Oxford University Press}
}





@phdthesis{capehart2014,
  title={Essays on the Wealthiest Americans},
  author={Capehart, Kevin W.},
  journal={Ph.D. Thesis},
  school={American University},
  year = {2014}
}


@article{campbell1988dividend,
  title={The dividend-price ratio and expectations of future dividends and discount factors},
  author={Campbell, John Y and Shiller, Robert J},
  journal={Review of financial studies},
  volume={1},
  number={3},
  pages={195--228},
  year={1988},
  publisher={Soc Financial Studies}
}
@article{campbell2001have,
  title={Have individual stocks become more volatile? An empirical exploration of idiosyncratic risk},
  author={Campbell, John Y and Lettau, Martin and Malkiel, Burton G and Xu, Yexiao},
  journal={Journal of Finance},
  volume={56},
  number={1},
  pages={1--43},
  year={2001},
  publisher={Wiley Online Library}
}

@book{shiller2015irrational,
  title={Irrational Exuberance},
  author={Shiller, Robert J},
  year={2015},
  publisher={Princeton University Press}
}
@book{lampman1962share,
  title={The Share of Top Wealth-Holders in National Wealth, 1922-56},
  author={Lampman, Robert J},
  journal={NBER Books},
  year={1962},
  publisher={Princeton, NJ: Princeton University Press}
}



@article{pastor2016income,
  title={Income Inequality and Asset Prices under Redistributive Taxation},
  author={Pastor, Lubos and Veronesi, Pietro},
  journal={Journal of Monetary Economics},
  year={2016},
  publisher={Elsevier}
}
@unpublished{moll2012inequality,
  title={Inequality and Financial Development: A Power-Law Kuznets Curve},
  author={Moll, Benjamin},
  year={2012},
  note = {Working Paper}
}

@unpublished{gabaix2010autocorrelated,
  title={On Random Growth Processes with Autocorrelated Shocks},
  author={Gabaix, Xavier},
  year={2010},
  note = {Working Paper}
}


@unpublished{greenwald2014origins,
  title={Origins of stock market fluctuations},
  author={Greenwald, Daniel L and Lettau, Martin and Ludvigson, Sydney C},
  year={2016},
  note = {Working Paper},
  institution={National Bureau of Economic Research}
}

@unpublished{toda2015equity,
  title={The Equity Premium and the One Percent},
  author={Toda, Alexis Akira and Walsh, Kieran James},
  year={2016},
  note = {Working Paper}
}

@article{mckay2013search,
  title={Search for financial returns and social security privatization},
  author={McKay, Alisdair},
  journal={Review of Economic Dynamics},
  volume={16},
  number={2},
  pages={253--270},
  year={2013},
  publisher={Elsevier}
}
@article{coeurdacier2011risky,
  title={The Risky Steady State},
  author={Coeurdacier, Nicolas and Rey, H{\'e}l{\`e}ne and Winant, Pablo},
  journal={American Economic Review},
  volume={101},
  number={3},
  pages={398--401},
  year={2011}
}

@article{fagereng2016heterogeneity,
  title={Heterogeneity in Returns to Wealth and the Measurement of Wealth Inequality},
  author={Fagereng, Andreas and Guiso, Luigi and Malacrino, Davide and Pistaferri, Luigi},
  journal={The American Economic Review},
  volume={106},
  number={5},
  pages={651--655},
  year={2016},
  publisher={American Economic Association}
}



@article{roussanov2010diversification,
  title={Diversification and its Discontents: Idiosyncratic and Entrepreneurial Risk in the Quest for Social Status},
  author={Roussanov, Nikolai},
  journal={Journal of Finance},
  volume={65},
  number={5},
  pages={1755--1788},
  year={2010},
  publisher={Wiley Online Library}
}

@article{campbell1997comparison,
  title={A comparison of numerical and analytic approximate solutions to an intertemporal consumption choice problem},
  author={Campbell, John Y and Koo, Hyeng Keun},
  journal={Journal of Economic Dynamics and Control},
  volume={21},
  number={2},
  pages={273--295},
  year={1997},
  publisher={Elsevier}
}

@article{saporta2005tail,
  title={Tail of the Stationary Solution of the Stochastic Equation $Y_{n+1} = aY_n + b_n$ with Markovian coefficients},
  author={Saporta, Benoite de},
  journal={Stochastic Processes and their Applications},
  volume={115},
  pages={1954–1978},
  year={2005},
  publisher={Elsevier}
}

@article{peress2004wealth,
  title={Wealth, information acquisition, and portfolio choice},
  author={Peress, Joel},
  journal={Review of Financial Studies},
  volume={17},
  number={3},
  pages={879--914},
  year={2004},
  publisher={Soc Financial Studies}
}
@article{guiso1996income,
  title={Income risk, Borrowing Constraints, and Portfolio Choice},
  author={Guiso, Luigi and Jappelli, Tullio and Terlizzese, Daniele},
  journal={The American Economic Review},
  pages={158--172},
  year={1996},
  publisher={JSTOR}
}
@article{kimball2008imputing,
  title={Imputing risk tolerance from survey responses},
  author={Kimball, Miles S and Sahm, Claudia R and Shapiro, Matthew D},
  journal={Journal of the American statistical Association},
  volume={103},
  number={483},
  pages={1028--1038},
  year={2008},
  publisher={Taylor \& Francis}
}
@article{acemoglu2015rise,
  title={The Rise and Decline of General Laws of Capitalism},
  author={Acemoglu, Daron and Robinson, James A},
  journal={Journal of Economic Perspectives},
  volume={29},
  number={1},
  pages={3--28},
  year={2015},
  publisher={American Economic Association}
}

@incollection{delong2002,
  author = {DeLong, J. Bradford},
  title       = {Robber Barons},
  booktitle   = {Series of Lectures on Economics},
  year        = {2002}
}

@unpublished{kopczuk2004top,
  title={Top Wealth Shares in the United States: 1916-2000: Evidence from Estate Tax Returns},
  author={Kopczuk, Wojciech and Saez, Emmanuel},
  year={2004},
  note = {Working Paper},
  institution={National Bureau of Economic Research}
}
@article{blanchard1985debt,
author = {Blanchard, Olivier J},
title = {Debt, Deficits, and Finite Horizons},
journal = {Journal of Political Economy},
volume = {93},
number = {2},
pages = {223-247},
year = {1985}
}
@article{mankiw1991consumption,
  title={The Consumption of Stockholders and Nonstockholders},
  author={Mankiw, N Gregory and Zeldes, Stephen P},
  journal={Journal of Financial Economics},
  volume={29},
  number={1},
  pages={97--112},
  year={1991},
  publisher={Elsevier}
}
@article{xiouros2010representative,
  title={The representative agent of an economy with external habit formation and heterogeneous risk aversion},
  author={Xiouros, Costas and Zapatero, Fernando},
  journal={Review of Financial Studies},
  volume={23},
  number={8},
  pages={3017--3047},
  year={2010},
  publisher={Soc Financial Studies}
}

@article{ahn2016,
title = {Efficient Computation of Heterogeneous Agent Models with Aggregate Shocks and an Application to Consumption Dynamics},
author = {Ahn, SeHyoun, and Kaplan, Greg and Moll, Ben and Winberry, Thomas},
note = {Working Paper},
year={2016}
}

@article{dumas1989two,
  title={Two-Person Dynamic Equilibrium in the Capital Market},
  author={Dumas, Bernard},
  journal={Review of Financial Studies},
  volume={2},
  number={2},
  pages={157--188},
  year={1989},
  publisher={Soc Financial Studies}
}
@article{reiter2009solving,
  title={Solving heterogeneous-agent models by projection and perturbation},
  author={Reiter, Michael},
  journal={Journal of Economic Dynamics and Control},
  volume={33},
  number={3},
  pages={649--665},
  year={2009},
  publisher={Elsevier}
}


@article{barles1991convergence,
  title={Convergence of approximation schemes for fully nonlinear second order equations},
  author={Barles, Guy and Souganidis, Panagiotis E},
  journal={Asymptotic analysis},
  volume={4},
  number={3},
  pages={271--283},
  year={1991},
  publisher={IOS Press}
}

@article{achdou2014heterogeneous,
  title={Heterogeneous Agent Models in Continuous Time},
  author={Achdou, Yves and Han, Jiequn and Lasry, Jean-Michel and Lions, Pierre-Louis and Moll, Benjamin},
  note={Working Paper},
  year={2016}
}
@article{jones2015pareto,
  title={Pareto and Piketty: The Macroeconomics of Top Income and Wealth Inequality},
  author={Jones, Charles I},
  journal={Journal of Economic Perspectives},
  volume={29},
  number={1},
  pages={29--46},
  year={2015},
  publisher={JSTOR}
}

@article{storesletten2007asset,
  title={Asset Pricing With Idiosyncratic Risk and Overlapping Generations},
  author={Storesletten, Kjetil and Telmer, Christopher I and Yaron, Amir},
  journal={Review of Economic Dynamics},
  volume={10},
  number={4},
  pages={519--548},
  year={2007},
  publisher={Elsevier}
}

@article{lettau2014capital,
  title={Capital Share Risk and Shareholder Heterogeneity in US Stock Pricing},
  author={Lettau, Martin and Ludvigson, Sydney C and Ma, Sai},
  year={2016},
  note = {Working Paper}
}


@articles{ludvigson2014origins,
  title={The Origins of Stock Market Fluctuations},
  author={Greenwald, Daniel and Lettau, Martin and Ludvigson, Sydney C},
  year={2014},
  note={Working Paper}
}


@article{basak1998equilibrium,
  title={An equilibrium model with restricted stock market participation},
  author={Basak, Suleyman and Cuoco, Domenico},
  journal={Review of Financial Studies},
  volume={11},
  number={2},
  pages={309--341},
  year={1998},
  publisher={Soc Financial Studies}
}
@article{abel1990asset,
  title={Asset prices under habit formation and catching up with the Joneses},
  author={Abel, Andrew B},
  journal={The American Economic Review},
  volume={80},
  number={2},
  pages={38--42},
  year={1990},
  publisher={JSTOR}
}

@incollection{geanakoplos2010leverage,
  title={The leverage cycle},
  author={Geanakoplos, John},
  booktitle={NBER Macroeconomics Annual 2009, Volume 24},
  pages={1--65},
  year={2010},
  publisher={University of Chicago Press}
}

@article{bansal2004risks,
  title={Risks for the Long Run: A Potential Resolution of Asset Pricing Puzzles},
  author={Bansal, Ravi and Yaron, Amir},
  journal={Journal of Finance},
  volume={59},
  number={4},
  pages={1481--1509},
  year={2004},
  publisher={Wiley Online Library}
}

@article{parker2005consumption,
  title={Consumption risk and the cross section of expected returns},
  author={Parker, Jonathan A and Julliard, Christian},
  journal={Journal of Political Economy},
  volume={113},
  number={1},
  pages={185--222},
  year={2005},
  publisher={JSTOR}
}
@article{ait2004luxury,
  title={Luxury Goods and the Equity Premium},
  author={Ait-Sahalia, Yacine and Parker, Jonathan A and Yogo, Motohiro},
  journal={Journal of Finance},
  volume={59},
  number={6},
  pages={2959--3004},
  year={2004},
  publisher={Wiley Online Library}
}

@article{wachter2013can,
  title={Can Time-Varying Risk of Rare Disasters Explain Aggregate Stock Market Volatility?},
  author={Wachter, Jessica A},
  journal={The Journal of Finance},
  volume={68},
  number={3},
  pages={987--1035},
  year={2013},
  publisher={Wiley Online Library}
}

@article{barro2006rare,
  title={Rare Disasters and Asset Markets in the Twentieth Century},
  author={Barro, Robert J},
  journal={The Quarterly Journal of Economics},
  pages={823--866},
  year={2006},
  publisher={JSTOR}
}

@article{gabaix2012variable,
  title={Variable rare disasters: an exactly solved framework for ten puzzles in macro-finance},
  author={Gabaix, Xavier},
  journal={The Quarterly Journal of Economics},
  volume={127},
  pages={645--700},
  year={2012}
}
@article{brunnermeier2008wealth,
  title={Do wealth fluctuations generate time-varying risk aversion? micro-evidence on individuals? asset allocation (digest summary)},
  author={Brunnermeier, Markus K and Nagel, Stefan},
  journal={American Economic Review},
  volume={98},
  number={3},
  pages={713--736},
  year={2008},
  publisher={CFA Institute}
}
@article{duffie1992stochastic,
  title={Stochastic Differential Utility},
  author={Duffie, Darrell and Epstein, Larry G},
  journal={Econometrica},
  number = {2},
  pages = {353-394},
  title = {Stochastic Differential Utility},
  volume = {60},
  year = {1992}
  }


@article{epstein1989substitution,
  title={Substitution, Risk Aversion, and the Temporal Behavior of Consumption and Asset Returns: A Theoretical Framework},
  author={Epstein, Larry G and Zin, Stanley E},
  journal={Econometrica},
  pages={937--969},
  year={1989},
  publisher={JSTOR}
}

@article{brunnermeier2014macroeconomic,
  title={A Macroeconomic Model with a Financial Sector},
  author={Brunnermeier, Markus K and Sannikov, Yuliy},
  journal={The American Economic Review},
  volume={104},
  number={2},
  pages={379--421},
  year={2014},
  publisher={American Economic Association}
}
@article{pastor2016income,
  title={Income inequality and asset prices under redistributive taxation},
  author={P{\'a}stor, Lubo{\v{s}} and Veronesi, Pietro},
  journal={Journal of Monetary Economics},
  year={2016},
  publisher={Elsevier}
}

@article{lettau2010measuring,
  title={Measuring and Modelling Variation in the Risk--Return Tradeoff},
  author={Lettau, Martin and Ludvigson, Sydney C},
  journal={Handbook of Financial Econometrics},
  volume={1},
  pages={617—690},
  year={2010}
}





@article{lettau2001consumption,
  title={Consumption, Aggregate Wealth, and Expected Stock Returns},
  author={Lettau, Martin and Ludvigson, Sydney C},
  journal={Journal of Finance},
  volume={56},
  number={3},
  pages={815--849},
  year={2001},
  publisher={Wiley Online Library}
}
@article{fama1987information,
  title={The information in long-maturity forward rates},
  author={Fama, Eugene F and Bliss, Robert R},
  journal={The American Economic Review},
  pages={680--692},
  year={1987},
  publisher={JSTOR}
}

@article{campbell2003consumption,
  title={Consumption-based asset pricing},
  author={Campbell, John Y},
  journal={Handbook of the Economics of Finance},
  volume={1},
  pages={803--887},
  year={2003},
  publisher={Elsevier}
}

@article{chien2012volatility,
Author = {Chien, YiLi and Cole, Harold and Lustig, Hanno},
Title = {Is the Volatility of the Market Price of Risk Due to Intermittent Portfolio Rebalancing?},
Journal = {American Economic Review},
Volume = {102},
Number = {6},
Year = {2012},
Pages = {2859-96},
DOI = {10.1257/aer.102.6.2859},
URL = {http://www.aeaweb.org/articles.php?doi=10.1257/aer.102.6.2859}
}

@article{campbell1999force,
  title={By Force of Habit: A Consumption-Based Explanation of Aggregate Stock Market Behavior},
  author={Campbell, John Y and Cochrane, John H},
  journal={Journal of Political Economy},
  volume={107},
  number={2},
  pages={205--251},
  year={1999}
}

@article{charles2003correlation,
  title={The Correlation of Wealth across Generations},
  author={Charles, Kerwin Kofi and Hurst, Erik}
  journal={Journal of Political Economy},
  volume={111},
  pages={1155--1182},
  year={2003},
  publisher={JSTOR}
}



@article{hurst2004liquidity,
  title={Liquidity Constraints, Household Wealth, and Entrepreneurship},
  author={Hurst, Erik and Lusardi, Annamaria},
  journal={Journal of Political Economy},
  volume={112},
  number={2},
  pages={319--347},
  year={2004},
  publisher={JSTOR}
}

@article{heaton2000portfolio,
  title={Portfolio choice in the presence of background risk},
  author={Heaton, John and Lucas, Deborah},
  journal={The Economic Journal},
  volume={110},
  number={460},
  pages={1--26},
  year={2000},
  publisher={Wiley Online Library}
}

@article{heaton2000portfolio,
  title={Portfolio choice and asset prices: The importance of entrepreneurial risk},
  author={Heaton, John and Lucas, Deborah},
  journal={Journal of Finance},
  volume={55},
  number={3},
  pages={1163--1198},
  year={2000},
  publisher={Wiley Online Library}
}


@article{benhabib2011distribution,
  title={The Distribution of Wealth and Fiscal Policy in Economies with Finitely Lived Agents},
  author={Benhabib, Jess and Bisin, Alberto and Zhu, Shenghao},
  journal={Econometrica},
  volume={79},
  number={1},
  pages={123--157},
  year={2011},
  publisher={Wiley Online Library}
}




@article{piketty2003,
author = {Piketty, Thomas and Saez, Emmanuel}, 
title = {Income Inequality in the United States, 1913–1998},
volume = {118}, 
number = {1}, 
pages = {1-41}, 
year = {2003}, 
doi = {10.1162/00335530360535135}, 
URL = {http://qje.oxfordjournals.org/content/118/1/1.abstract}, 
eprint = {http://qje.oxfordjournals.org/content/118/1/1.full.pdf+html}, 
journal = {The Quarterly Journal of Economics} 
}



@article{calvet2014twin,
  title={Twin Picks: Disentangling the Determinants of Risk-Taking in Household Portfolios},
  author={Calvet, Laurent E and Sodini, Paolo},
  journal={Journal of Finance},
  volume={69},
  number={2},
  pages={867--906},
  year={2014},
  publisher={Wiley Online Library}
}

@article{chiappori2011relative,
  title={Relative risk aversion is constant: Evidence from panel data},
  author={Chiappori, Pierre-Andr{\'e} and Paiella, Monica},
  journal={Journal of the European Economic Association},
  volume={9},
  number={6},
  pages={1021--1052},
  year={2011},
  publisher={Wiley Online Library}
}


@article{stambaugh1999predictive,
  title={Predictive Regressions},
  author={Stambaugh, Robert F},
  journal={Journal of Financial Economics},
  volume={54},
  number={3},
  pages={375--421},
  year={1999},
  publisher={Elsevier}
}

@article{elliott1994inference,
  title={Inference in Time Series Regression when the Order of Integration of a Regressor is Unknown},
  author={Elliott, Graham and Stock, James H},
  journal={Econometric theory},
  volume={10},
  number={3-4},
  pages={672--700},
  year={1994},
  publisher={Cambridge Univ Press}
}
@article{elliott1996efficient,
  title={Efficient Tests for an Autoregressive Unit Root},
  author={Elliott, Graham and Rothenberg, Thomas J and Stock, James H},
  journal={Econometrica},
  volume={64},
  number={4},
  pages={813--836},
  year={1996},
  publisher={JSTOR}
}

@article{campbell2006efficient,
  title={Efficient Tests of Stock Return Predictability},
  author={Campbell, John Y and Yogo, Motohiro},
  journal={Journal of Financial Economics},
  volume={81},
  number={1},
  pages={27--60},
  year={2006},
  publisher={Elsevier}
}


@article{wachter2010household,
  title={Why do Household Portfolio Shares Rise in Wealth?},
  author={Wachter, Jessica A and Yogo, Motohiro},
  journal={Review of Financial Studies},
  volume={23},
  number={11},
  pages={3929--3965},
  year={2010},
  publisher={Soc Financial Studies}
}


@article{constantinides1996asset,
  title={Asset Pricing with Heterogeneous Consumers},
  author={Constantinides, George M and Duffie, Darrell},
  journal={Journal of Political economy},
  pages={219--240},
  year={1996},
  publisher={JSTOR}
}

@article{storesletten2007asset,
  title={Asset Pricing with Idiosyncratic Risk and Overlapping Generations},
  author={Storesletten, Kjetil and Telmer, Christopher I and Yaron, Amir},
  journal={Review of Economic Dynamics},
  volume={10},
  number={4},
  pages={519--548},
  year={2007},
  publisher={Elsevier}
}
@article{constantinides1982intertemporal,
  title={Intertemporal asset pricing with heterogeneous consumers and without demand aggregation},
  author={Constantinides, George M},
  journal={Journal of Business},
  pages={253--267},
  year={1982},
  publisher={JSTOR}
}

@article{gollier2001wealth,
  title={Wealth inequality and asset pricing},
  author={Gollier, Christian},
  journal={The Review of Economic Studies},
  volume={68},
  number={1},
  pages={181--203},
  year={2001},
  publisher={Oxford University Press}
}

@article{krusell1997income,
  title={Income and wealth heterogeneity, portfolio choice, and equilibrium asset returns},
  author={Krusell, Per and Smith, Anthony A},
  journal={Macroeconomic dynamics},
  volume={1},
  number={02},
  pages={387--422},
  year={1997},
  publisher={Cambridge Univ Press}
}

@article{peress2004wealth,
  title={Wealth, information acquisition, and portfolio choice},
  author={Peress, Joel},
  journal={Review of Financial Studies},
  volume={17},
  number={3},
  pages={879--914},
  year={2004},
  publisher={Soc Financial Studies}
}

@article{chan2002catching,
 ISSN = {00223808, 1537534X},
 URL = {http://www.jstor.org/stable/10.1086/342806},
 author = {Chan, Yeung Lewis and Kogan, Leonid},
 journal = {Journal of Political Economy},
 number = {6},
 pages = {1255-1285},
 publisher = {University of Chicago Press},
 title = {Catching Up with the Joneses: Heterogeneous Preferences and the Dynamics of Asset Prices},
 volume = {110},
 year = {2002}
}

@misc{kredler2004,
author = {Kredler, Matthias},
year = {2014},
title = {The Kolmogorov Forward Equation},
howpublished = {\path{http://www.eco.uc3m.es/~mkredler/ContTime/KolmForwEqu.pdf}}
}

@article{nuno2015controlling,
  title={Controlling a distribution of heterogeneous agents},
  author={Nu{\~n}o, Galo and Moll, Benjamin},
  year={2016},
  note = {Working Paper}
}
@article{cao2016sufficient,
  title={Sufficient Statistics for Top End Wealth Inequality},
  author={Cao, Dan and Luo, Wenlan},
  year={2016},
  note = {Working Paper}
}



@article{carroll1996concavity,
  title={On the Concavity of the Consumption Function},
  author={Carroll, Christopher D and Kimball, Miles},
  journal={Econometrica},
  volume={64},
  number={4},
  pages={981--992},
  year={1996},
  publisher={JSTOR}
}

@article{vermeulen2014fat,
  title={How fat is the top tail of the wealth distribution?},
  author={Vermeulen, Philip},
  year={2014},
  note ={Working Paper}
}


@article{wang1996term,
  title={The Term Structure of Interest Rates in a Pure Exchange Economy with Heterogeneous Investors},
  author={Wang, Jiang},
  journal={Journal of Financial Economics},
  volume={41},
  number={1},
  pages={75--110},
  year={1996},
  publisher={Elsevier}
}
@article{browning2000luxuries,
  title={Luxuries are easier to postpone: A proof},
  author={Browning, Martin and Crossley, Thomas F},
  journal={Journal of political Economy},
  volume={108},
  number={5},
  pages={1022--1026},
  year={2000},
  publisher={JSTOR}
}

@article{brav2002asset,
  title={Asset Pricing with Heterogeneous Consumers and Limited Participation: Empirical Evidence},
  author={Brav, Alon and Constantinides, George M and Geczy, Christopher C},
  journal={Journal of Political Economy},
  volume={110},
  number={4},
  pages={793--824},
  year={2002}
}
@article{vissingjorgensen1998limited,
  title={Limited Stock Market Participation and the Equity Premium Puzzle},
  author={Vissing-J{\o}rgensen, Annette},
  year={1998}
}

@article{campbell1996,
  title={Understanding Risk and Return},
  author={Campbell, John Y},
  journal={Journal of Political Economy},
  volume ={104},
  number = {2},
  pages = {298-345},
  year={1996}
}

@article{bernanke1999financial,
  title={The Financial Accelerator in a Quantitative Business Cycle Framework},
  author={Bernanke, Ben S and Gertler, Mark and Gilchrist, Simon},
  journal={Handbook of macroeconomics},
  volume={1},
  pages={1341--1393},
  year={1999},
  publisher={Elsevier}
}


@article{vissingjorgensen2002,
author = {Vissing-J{\o}rgensen, Annette},
title = {Limited Asset Market Participation and the Elasticity of Intertemporal Substitution},
journal = {Journal of Political Economy},
volume = {110},
number = {4},
pages = {825-853},
year = {2002},
doi = {10.1086/340782}
}
@article{jorgensen1999towards,
  title={Towards an Explanation of Household Portfolio Choice Heterogeneity: Nonfinancial Income and Participation Cost Structures},
  author={Vissing-J{\o}rgensen, Annette},
  journal={Working Paper},
  year={2002}
}


@article{lettau2001consumption,
  title={Consumption, aggregate wealth, and expected stock returns},
  author={Lettau, Martin and Ludvigson, Sydney C},
  journal={Journal of Finance},
  volume={56},
  number={3},
  pages={815--849},
  year={2001},
  publisher={Wiley Online Library}
}
@article{parker2010,
  title={The Increase in Income Cyclicality of High-Income Households and Its Relation to the Rise in Top Income Shares},
  author={Parker, Jonathan A and Vissing-J{\o}rgensen, Annette},
  year={2010},
  journal ={Brookings Papers on Economic Activity},
  volume={41},
  number={2},
  pages={1--70},
  year={2010}
}

@article{martin2013consumption,
  title={Consumption-based asset pricing with higher cumulants},
  author={Martin, Ian WR},
  journal={The Review of Economic Studies},
  volume={80},
  number={2},
  pages={745--773},
  year={2013},
  publisher={Oxford University Press}
}

@article{malloy2009long,
  title={Long-run Stockholder Consumption Risk and Asset Returns},
  author={Malloy, Christopher J and Moskowitz, Tobias J and Vissing-J{\o}rgensen, Annette},
  journal={Journal of Finance},
  volume={64},
  number={6},
  pages={2427--2479},
  year={2009},
  publisher={Wiley Online Library}
}

@unpublished{bach2015rich,
  title={Rich Pickings? Risk, Return, and Skill in the Portfolios of the Wealthy},
  author={Bach, Laurent and Calvet, Laurent E and Sodini, Paolo},
  note={Working Paper},
  year={2015}
}

@unpublished{constantinides2014asset,
  title={Asset Pricing with Countercyclical Household Consumption Risk},
  author={Constantinides, George M and Ghosh, Anisha},
  year={2014},
  note = {Working Paper},
  institution={National Bureau of Economic Research}
}

@article{schmidt2014climbing,
  title={Climbing and Falling off the Ladder: Asset Pricing Implications of Labor Market Event Risk},
  author={Schmidt, Lawrence DW},
  note = {Working Paper},
  year={2016}
}

@article{constantinides1996asset,
  title={Asset Pricing with Heterogeneous Consumers},
  author={Constantinides, George M and Duffie, Darrell},
  journal={Journal of Political economy},
  pages={219--240},
  year={1996},
  publisher={JSTOR}
}



@article{garleanu2015young,
  title={Young, Old, Conservative, and Bold: The Implications of Heterogeneity and Finite Lives for Asset Pricing},
  author={G{\^a}rleanu, Nicolae and Panageas, Stavros},
  journal={Journal of Political Economy},
  volume={123},
  number={3},
  pages={670--685},
  year={2015},
  publisher={JSTOR}
}

@article{klass2006forbes,
  title={The Forbes 400 and the Pareto Wealth Distribution},
  author={Klass, Oren S and Biham, Ofer and Levy, Moshe and Malcai, Ofer and Solomon, Sorin},
  journal={Economics Letters},
  volume={90},
  number={2},
  pages={290--295},
  year={2006},
  publisher={Elsevier}
}

@inproceedings{raub2010comparison,
  title={A Comparison of Wealth Estimates for America’s Wealthiest Decedents Using Tax Data and Data from the Forbes 400},
  author={Raub, Brian and Johnson, Barry and Newcomb, Joseph},
  booktitle={Proceedings. Annual Conference on Taxation and Minutes of the Annual Meeting of the National Tax Association},
  volume={103},
  pages={128--135},
  year={2010},
}
@article{kennickell2008role,
  title={The Role of Over-sampling of the Wealthy in the Survey of Consumer Finances},
  author={Kennickell, Arthur B},
  journal={Irving Fisher Committee Bulletin},
  volume={28},
  pages={403--408},
  year={2008}
}



@article{hurst2004liquidity,
  title={Liquidity constraints, household wealth, and entrepreneurship},
  author={Hurst, Erik and Lusardi, Annamaria},
  journal={Journal of political Economy},
  volume={112},
  number={2},
  pages={319--347},
  year={2004},
  publisher={JSTOR}
}
@article{townsend1979optimal,
  title={Optimal contracts and competitive markets with costly state verification},
  author={Townsend, Robert M},
  journal={Journal of Economic theory},
  volume={21},
  number={2},
  pages={265--293},
  year={1979},
  publisher={Academic Press}
}

@article{campbell1999force,
  title={By Force of Habit: A Consumption-Based Explanation of Aggregate Stock Market Behavior},
  author={Campbell, John Y and Cochrane, John H},
  journal={Journal of Political Economy},
  volume={107},
  number={2},
  pages={205--251},
  year={1999}
}
@article{hurst2004liquidity,
  title={Liquidity constraints, household wealth, and entrepreneurship},
  author={Hurst, Erik and Lusardi, Annamaria},
  journal={Journal of political Economy},
  volume={112},
  number={2},
  pages={319--347},
  year={2004},
  publisher={JSTOR}
}
@article{hoopes2016,
title ={ Who Sold During the Crash of 2008-9? Evidence from Tax-Return Data on Daily Sales of Stock},
author = {Hoopes, Jeffrey L. and Langetieg, Patrick and Nagel, Stefan and Reck, Daniel H. and Slemrod, Joel B. and Stuart, Bryan},
year = {2016},
note = {Working Paper}
}


@article{gomes2005optimal,
  title={Optimal Life-Cycle Asset Allocation: Understanding the Empirical Evidence},
  author={Gomes, Francisco and Michaelides, Alexander},
  journal={Journal of Finance},
  volume={60},
  number={2},
  pages={869--904},
  year={2005},
  publisher={Wiley Online Library}
}

@article{gomes2008asset,
  title={Asset Pricing with Limited Risk Sharing and Heterogeneous Agents},
  author={Gomes, Francisco and Michaelides, Alexander},
  journal={Review of Financial Studies},
  volume={21},
  number={1},
  pages={415--448},
  year={2008},
  publisher={Soc Financial Studies}
}

@article{piketty2014capital,
  title={Capital in the 21st Century},
  author={Piketty, Thomas},
  journal={Harvard University Pressed},
  year={2014}
}


@article{parker2009bears,
  title={Who Bears Aggregate Fluctuations and How?},
  author={Parker, Jonathan A and Vissing-J{\o}rgensen, Annette},
  journal={The American Economic Review},
  volume={99},
  number={2},
  pages={399--405},
  year={2009},
  publisher={JSTOR}
}
@article{krueger2010market,
  title={When is Market Incompleteness Irrelevant for the Price of Aggregate Risk (and when is it not)?},
  author={Krueger, Dirk and Lustig, Hanno},
  journal={Journal of Economic Theory},
  volume={145},
  number={1},
  pages={1--41},
  year={2010},
  publisher={Elsevier}
}
@article{samuelson1969lifetime,
  title={Lifetime portfolio selection by dynamic stochastic programming},
  author={Samuelson, Paul A},
  journal={The review of economics and statistics},
  pages={239--246},
  year={1969},
  publisher={JSTOR}
}
@article{krusell1997income,
  title={Income and wealth heterogeneity, portfolio choice, and equilibrium asset returns},
  author={Krusell, Per and Smith, Anthony A},
  journal={Macroeconomic dynamics},
  volume={1},
  number={02},
  pages={387--422},
  year={1997},
  publisher={Cambridge Univ Press}
}

@incollection{carroll2000portfolios,
  title={Portfolios of the Rich},
  author={Carroll, Christopher D},
  year={2000},
  institution={National bureau of economic research},
  booktitle ={Household Portfolios: Theory and Evidence},
  publisher={MIT Press Cambridge}
}

@article{guiso2008risk,
  title={Risk aversion, wealth, and background risk},
  author={Guiso, Luigi and Paiella, Monica},
  journal={Journal of the European Economic association},
  volume={6},
  number={6},
  pages={1109--1150},
  year={2008},
  publisher={Wiley Online Library}
}

@article{gabaix2011rank,
  title={Rank- 1/2: a Simple Way to Improve the OLS Estimation of Tail Exponents},
  author={Gabaix, Xavier and Ibragimov, Rustam},
  journal={Journal of Business \& Economic Statistics},
  volume={29},
  number={1},
  pages={24--39},
  year={2011},
  publisher={Taylor \& Francis}
}
@article{acemoglu2015rise,
  title={The rise and decline of general laws of capitalism},
  author={Acemoglu, Daron and Robinson, James A},
  journal={The Journal of Economic Perspectives},
  volume={29},
  number={1},
  pages={3--28},
  year={2015},
  publisher={American Economic Association}
}

@article{saez2014wealth,
author = {Saez, Emmanuel and Zucman, Gabriel}, 
title = {Wealth Inequality in the United States since 1913: Evidence from Capitalized Income Tax Data},
volume = {131}, 
number = {2}, 
pages = {519-578}, 
year = {2016}, 
doi = {10.1093/qje/qjw004}, 
URL = {http://qje.oxfordjournals.org/content/131/2/519.abstract}, 
eprint = {http://qje.oxfordjournals.org/content/131/2/519.full.pdf+html}, 
journal = {The Quarterly Journal of Economics} 
}

@article{mian2013households,
author = {Mian, Atif and Rao, Kamalesh and Sufi, Amir}, 
title = {Household Balance Sheets, Consumption, and the Economic Slump},
volume = {128}, 
number = {4}, 
pages = {1687-1726}, 
year = {2013}, 
doi = {10.1093/qje/qjt020}, 
abstract ={We investigate the consumption consequences of the 2006–9 housing collapse using the highly unequal geographic distribution of wealth losses across the United States. We estimate a large elasticity of consumption with respect to housing net worth of 0.6 to 0.8, which soundly rejects the hypothesis of full consumption risk-sharing. The average marginal propensity to consume (MPC) out of housing wealth is 5–7 cents with substantial heterogeneity across ZIP codes. ZIP codes with poorer and more levered households have a significantly higher MPC out of housing wealth. In line with the MPC result, ZIP codes experiencing larger wealth losses, particularly those with poorer and more levered households, experience a larger reduction in credit limits, refinancing likelihood, and credit scores. Our findings highlight the role of debt and the geographic distribution of wealth shocks in explaining the large and unequal decline in consumption from 2006 to 2009. JEL Codes: E21, E32, E44, E60.}, 
URL = {http://qje.oxfordjournals.org/content/128/4/1687.abstract}, 
eprint = {http://qje.oxfordjournals.org/content/128/4/1687.full.pdf+html}, 
journal = {The Quarterly Journal of Economics} 
}
@article{mian2014explains,
  title={What explains the 2007--2009 drop in employment?},
  author={Mian, Atif and Sufi, Amir},
  journal={Econometrica},
  volume={82},
  number={6},
  pages={2197--2223},
  year={2014},
  publisher={Wiley Online Library}
}


@article{guvenen2009parsimonious,
  title={A Parsimonious Macroeconomic Model for Asset Pricing},
  author={Guvenen, Fatih},
  journal={Econometrica},
  volume={77},
  number={6},
  pages={1711--1750},
  year={2009},
  publisher={Wiley Online Library}
}

@article{heaton1996evaluating,
  title={Evaluating the Effects of Incomplete Markets on Risk Sharing and Asset Pricing},
  author={Heaton, John and Lucas, Deborah J},
  journal={Journal of Political Economy},
  pages={443--487},
  year={1996},
  publisher={JSTOR}
}



@unpublished{kaplan2016monetary,
  title={Monetary policy according to HANK},
  author={Kaplan, Greg and Moll, Benjamin and Violante, Giovanni L},
  year={2016},
  note = {Working Paper},
  institution={National Bureau of Economic Research}
}
@unpublished{kindermann2014high,
  title={High marginal tax rates on the top 1\%? Lessons from a life cycle model with idiosyncratic income risk},
  author={Kindermann, Fabian and
  note = {Working Paper}, Krueger, Dirk},
  year={2014},
  institution={National Bureau of Economic Research}
}

@article{guvenen2014nature,
  title={The Nature of Countercyclical Income Risk},
  author={Guvenen, Fatih and Ozkan, Serdar and Song, Jae},
  journal={Journal of Political Economy},
  volume={122},
  number={3},
  pages={621--660},
  year={2014},
  publisher={JSTOR}
}

@article{calvet2009fight,
  title={Fight or Flight? Portfolio Rebalancing by Individual Investors},
  author={Calvet, Laurent E and Campbell, John Y and Sodini, Paolo},
  journal={Quarterly Journal of Economics},
  volume={124},
  number={1},
  year={2009}
}
@misc{gates1999business,
  title={Business @ the Speed of Thought Display: Using a Digital Nervous System},
  author={Gates, Bill},
  year={1999},
  publisher={Warner Books}
}
@article{moskowitz2002returns,
  title={The Returns to Entrepreneurial Investment: A Private Equity Premium Puzzle?},
  author={Moskowitz, Tobias J and Vissing-J{\o}rgensen, Annette},
  journal={American Economic Review},
  volume={92},
  number={4},
  pages={745--778},
  year={2002}
}
@unpublished{carroll2000portfolios,
  title={Portfolios of the Rich},
  author={Carroll, Christopher D},
  year={2000},
  note = {Working Paper},
  institution={National bureau of economic research}
}
@article{cocco2005portfolio,
  title={Portfolio choice in the presence of housing},
  author={Cocco, Joao F},
  journal={Review of Financial studies},
  volume={18},
  number={2},
  pages={535--567},
  year={2005},
  publisher={Soc Financial Studies}
}


@article{kaplan2016monetary,
  title={Monetary policy according to HANK},
  author={Kaplan, Greg and Moll, Benjamin and Violante, Giovanni L},
  year={2016},
  institution={National Bureau of Economic Research}
}

@article{papanikolaou2011,
  title={Investment Shocks and Asset Prices},
  author={Papanikolaou, Dimitris},
  journal={Journal of Political Economy},
  volume={119},
  number={4},
  pages={639--685},
  year={2011},
  publisher={JSTOR}
}
@article{yao2005optimal,
  title={Optimal consumption and portfolio choices with risky housing and borrowing constraints},
  author={Yao, Rui and Zhang, Harold H},
  journal={Review of Financial studies},
  volume={18},
  number={1},
  pages={197--239},
  year={2005},
  publisher={Soc Financial Studies}
}

@article{garleanu2015drifting,
  title={Drifting apart: The pricing of assets when the benefits of growth are not shared equally},
  author={G{\^a}rleanu, Nicolae and Panageas, Stavros and Papanikolaou, Dimitris and Yu, Jianfeng},
  year={2015},
  note = {Working Paper}
}


@article{gabaix2009power,
  title={Power Laws in Economics and Finance},
  author={Gabaix, Xavier},
  journal={Annual Review of Economics},
  volume={1},
  number={1},
  pages={255--294},
  year={2009},
  publisher={Annual Reviews}
}
@article{kogan2013winners,
  title={Winners and Losers: Creative Destruction and the Stock Market},
  author={Kogan, Leonid and Papanikolaou, Dimitris and Stoffman, Noah},
  year={2013},
  note ={Working Paper}
}
@article{garleanu2012displacement,
  title={Displacement Risk and Asset Returns},
  author={G{\^a}rleanu, Nicolae and Kogan, Leonid and Panageas, Stavros},
  journal={Journal of Financial Economics},
  volume={105},
  number={3},
  pages={491--510},
  year={2012},
  publisher={Elsevier}
}

@article{wold1957model,
  title={A Model Explaining the Pareto Distribution of wealth},
  author={Wold, Herman OA and Whittle, Peter},
  journal={Econometrica},
  pages={591--595},
  year={1957},
  publisher={JSTOR}
}

@unpublished{jones2014schumpeterian,
  title={A Schumpeterian Model of Top Income Inequality},
  author={Jones, Charles I and Kim, Jihee},
  year={2016},
  note={Working Paper},
  institution={Stanford}
}


@article{campbell2001have,
  title={Have individual stocks become more volatile? An empirical exploration of idiosyncratic risk},
  author={Campbell, John Y and Lettau, Martin and Malkiel, Burton G and Xu, Yexiao},
  journal={The Journal of Finance},
  volume={56},
  number={1},
  pages={1--43},
  year={2001},
  publisher={Wiley Online Library}
}

@article{guvenen2014risky,
  title={How Risky are Recessions for Top Earners?},
  author={Guvenen, Fatih and Kaplan, Greg and Song, Jae},
  journal={The American Economic Review},
  volume={104},
  number={5},
  pages={148--153},
  year={2014},
  publisher={American Economic Association}
}

@unpublished{gomez2016inequality,
  title={Asset Prices and Wealth Inequality},
  author={Matthieu Gomez},
  year={2016},
  note={Working Paper}
}


@unpublished{gomez2016topshares,
  title={What Drives the Recent Rise in Inequality?},
  author={Matthieu Gomez},
  year={2016},
  note={Working Paper}
}


@article{benhabib2011distribution,
  title={The distribution of wealth and fiscal policy in economies with finitely lived agents},
  author={Benhabib, Jess and Bisin, Alberto and Zhu, Shenghao},
  journal={Econometrica},
  volume={79},
  number={1},
  pages={123--157},
  year={2011},
  publisher={Wiley Online Library}
}

@book{piketty2017capital,
  title={Capital in the twenty-first century},
  author={Piketty, Thomas},
  year={2017},
  publisher={Harvard University Press}
}

@article{gabaix1999zipf,
  title={Zipf's Law for Cities: an Explanation},
  author={Gabaix, Xavier},
  journal={Quarterly Journal of Economics},
  pages={739--767},
  year={1999},
  publisher={JSTOR}
}

@article{lettau2008declining,
  title={The declining equity premium: What role does macroeconomic risk play?},
  author={Lettau, Martin and Ludvigson, Sydney C and Wachter, Jessica A},
  journal={Review of Financial Studies},
  volume={21},
  number={4},
  pages={1653--1687},
  year={2008},
  publisher={Soc Financial Studies}
}

@article{farhi2017safety,
  title = {The Safety Trap},
  journal = {Review of Economic Studies},
  year = {Forthcoming},
  abstract = {In this paper we provide a model of the macroeconomic implications of safeasset shortages. In particular, we discuss the emergence of a deflationary\&nbsp;safety trap\&nbsp;equilibrium with endogenous risk premia. It is an acuteform of a liquidity trap, in which the shortage of a specific form ofassets, safe assets, as opposed to a general shortage of assets, is thefundamental driving force. At the ZLB, our model has a Keynesian crossrepresentation, in which net safe asset supply plays the role of anaggregate demand shifter. Essentially, safety traps correspond to liquiditytraps in which the emergence of an endogenous risk premium significantlyalters the connection between macroeconomic policy and economic activity.{\textquoteleft}{\textquoteleft}Helicopter drops{\textquoteright}{\textquoteright} of money, safe public debt issuances, swaps of privaterisky assets for safe public debt, or increases in the inflation target,stimulate aggregate demand and output, while forward guidance is lesseffective. The safety trap can be arbitrarily persistent, as in the secularstagnation hypothesis, despite the existence of infinitely lived assets.\&nbsp;},
  author = {Ricardo J Caballero and Emmanuel Farhi}
}


@article{nakamura2012growth,
Author = {Nakamura, Emi and Sergeyev, Dmitriy and Steinsson, Jón},
Title = {Growth-Rate and Uncertainty Shocks in Consumption: Cross-Country Evidence},
Journal = {American Economic Journal: Macroeconomics},
Volume = {9},
Number = {1},
Year = {2017},
Month = {January},
Pages = {1-39},
DOI = {10.1257/mac.20150250},
URL = {http://www.aeaweb.org/articles?id=10.1257/mac.20150250}}



@article{nakamura2013crises,
  title={Crises and recoveries in an empirical model of consumption disasters},
  author={Nakamura, Emi and Steinsson, J{\'o}n and Barro, Robert and Urs{\'u}a, Jos{\'e}},
  journal={American Economic Journal: Macroeconomics},
  volume={5},
  number={3},
  pages={35--74},
  year={2013},
  publisher={American Economic Association}
}

@unpublished{auclert2016inequality,
  title={Inequality and Aggregate Demand},
  author={Auclert, Adrien and Rognlie, Matthew},
  year={2016},
  note={Working paper}
}

@unpublished{kogan2013winners,
  title={Winners and losers: Creative destruction and the stock market},
  author={Kogan, Leonid and Papanikolaou, Dimitris and Stoffman, Noah},
  year={2013},
  note={Working Paper}
}

@article{kogan2010growth,
  title={Growth opportunities and technology shocks},
  author={Kogan, Leonid and Papanikolaou, Dimitris},
  journal={The American Economic Review},
  volume={100},
  number={2},
  pages={532--536},
  year={2010},
  publisher={JSTOR}
}

@article{gabaix2012variable,
  title={Variable rare disasters: An exactly solved framework for ten puzzles in macro-finance},
  author={Gabaix, Xavier},
  journal={The Quarterly journal of economics},
  pages={qjs001},
  year={2012},
  publisher={Oxford University Press}
}

@article{chodorow2014employment,
  title={The employment effects of credit market disruptions: Firm-level evidence from the 2008--9 financial crisis},
  author={Chodorow-Reich, Gabriel},
  journal={The Quarterly Journal of Economics},
  volume={129},
  number={1},
  pages={1--59},
  year={2014},
  publisher={Oxford University Press}
}

@article{auclert2015monetary,
  title={Monetary policy and the redistribution channel},
  author={Auclert, Adrien and others},
  journal={Unpublished manuscript},
  year={2015}
}
@article{wang2016optimal,
  title={Optimal consumption and savings with stochastic income and recursive utility},
  author={Wang, Chong and Wang, Neng and Yang, Jinqiang},
  journal={Journal of Economic Theory},
  volume={165},
  pages={292--331},
  year={2016},
  publisher={Elsevier}
}
@article{carroll1996concavity,
  title={On the concavity of the consumption function},
  author={Carroll, Christopher D and Kimball, Miles S},
  journal={Econometrica},
  volume={64},
  number={4},
  pages={981--992},
  year={1996},
  publisher={JSTOR}
}
@article{chaney2012collateral,
  title={The collateral channel: How real estate shocks affect corporate investment},
  author={Chaney, Thomas and Sraer, David and Thesmar, David},
  journal={The American Economic Review},
  volume={102},
  number={6},
  pages={2381--2409},
  year={2012},
  publisher={American Economic Association}
}
@article{simsek2013belief,
  title={Belief disagreements and collateral constraints},
  author={Simsek, Alp},
  journal={Econometrica},
  volume={81},
  number={1},
  pages={1--53},
  year={2013},
  publisher={Wiley Online Library}
}
@article{bolton2011unified,
  title={A unified theory of Tobin's q, corporate investment, financing, and risk management},
  author={Bolton, Patrick and Chen, Hui and Wang, Neng},
  journal={The journal of Finance},
  volume={66},
  number={5},
  pages={1545--1578},
  year={2011},
  publisher={Wiley Online Library}
}

@article{khwaja2008tracing,
  title={Tracing the impact of bank liquidity shocks: Evidence from an emerging market},
  author={Khwaja, Asim Ijaz and Mian, Atif},
  journal={The American Economic Review},
  volume={98},
  number={4},
  pages={1413--1442},
  year={2008},
  publisher={American Economic Association}
}

@article{holmstrom1997financial,
  title={Financial intermediation, loanable funds, and the real sector},
  author={Holmstrom, Bengt and Tirole, Jean},
  journal={the Quarterly Journal of economics},
  volume={112},
  number={3},
  pages={663--691},
  year={1997},
  publisher={Oxford University Press}
}

@unpublished{garbinti2017accounting,
  title={Accounting for Wealth Inequality Dynamics: Methods, Estimates and Simulations for France (1800-2014)},
  author={Garbinti, Bertrand and Goupille-Lebret, Jonathan and Piketty, Thomas and others},
  year={2017},
  note = {Working Paper}
}

@article{wold1957model,
  title={A model explaining the Pareto distribution of wealth},
  author={Wold, Herman OA and Whittle, Peter},
  journal={Econometrica, Journal of the Econometric Society},
  pages={591--595},
  year={1957},
  publisher={JSTOR}
}

@article{benhabib2011distribution,
  title={The distribution of wealth and fiscal policy in economies with finitely lived agents},
  author={Benhabib, Jess and Bisin, Alberto and Zhu, Shenghao},
  journal={Econometrica},
  volume={79},
  number={1},
  pages={123--157},
  year={2011},
  publisher={Wiley Online Library}
}
@article{benhabib2015wealth,
  title={The wealth distribution in Bewley economies with capital income risk},
  author={Benhabib, Jess and Bisin, Alberto and Zhu, Shenghao},
  journal={Journal of Economic Theory},
  volume={159},
  pages={489--515},
  year={2015},
  publisher={Elsevier}
}

@article{benhabib2016distribution,
  title={The distribution of wealth in the Blanchard--Yaari model},
  author={Benhabib, Jess and Bisin, Alberto and Zhu, Shenghao},
  journal={Macroeconomic Dynamics},
  volume={20},
  number={02},
  pages={466--481},
  year={2016},
  publisher={Cambridge Univ Press}
}

@article{jones2015pareto,
  title={Pareto and Piketty: The macroeconomics of top income and wealth inequality},
  author={Jones, Charles I},
  journal={The Journal of Economic Perspectives},
  volume={29},
  number={1},
  pages={29--46},
  year={2015},
  publisher={American Economic Association}
}
@article{acemoglu2015rise,
  title={The rise and decline of general laws of capitalism},
  author={Acemoglu, Daron and Robinson, James A},
  journal={The Journal of Economic Perspectives},
  volume={29},
  number={1},
  pages={3--28},
  year={2015},
  publisher={American Economic Association}
}